@misc{_jdwp_2017,
  title = {Java Debugger Wire Protocol},
  timestamp = {2018-02-21T18:56:54Z},
  urldate = {2018-02-21},
  howpublished = {\url{https://docs.oracle.com/javase/9/docs/specs/jdwp/jdwp-spec.html}}
}

